<?xml version="1.0" encoding="UTF-8"?><collection xmlns="http://www.loc.gov/MARC21/slim"><record><leader>00552nam--2200169-i-4500</leader><controlfield tag="001">000014939</controlfield><controlfield tag="002">20161230</controlfield><controlfield tag="005">20161230201031</controlfield><controlfield tag="008">060222s1000------------r-----000-0-eng-d</controlfield><datafield ind1=" " ind2=" " tag="040"><subfield code="a">IFIN-HH</subfield></datafield><datafield ind1=" " ind2=" " tag="080"><subfield code="a">537.56</subfield></datafield><datafield ind1="1" ind2=" " tag="110"><subfield code="a">Societa Italiana Di Fisica</subfield></datafield><datafield ind1="1" ind2="0" tag="245"><subfield code="a">Terzo congresso internazionale sui fenomeni d'ionizzazione nei gas</subfield><subfield code="b">Organizzato dalla societa italiana di fisica, venezia, fondazione giorgio cini 11-15 giugno 1957</subfield></datafield><datafield ind1=" " ind2=" " tag="260"><subfield code="a">Venezia</subfield><subfield code="b">Rendiconti</subfield><subfield code="c">1957</subfield></datafield><datafield ind1=" " ind2=" " tag="300"><subfield code="a">1167P</subfield></datafield><datafield ind1=" " ind2=" " tag="852"><subfield code="a">13130</subfield><subfield code="c">537.52</subfield></datafield><datafield ind1=" " ind2=" " tag="CAT"><subfield code="a">Sys</subfield><subfield code="c">20110803</subfield><subfield code="h">135127</subfield></datafield></record></collection>